@ARTICLE{bobadilla2012collaborative,
  title={A collaborative filtering approach to mitigate the new user cold start problem},
  author={Bobadilla, Jes{\'u}S and Ortega, Fernando and Hernando, Antonio and Bernal, Jes{\'u}s},
  journal={Knowledge-based systems},
  volume={26},
  pages={225--238},
  year={2012},
  publisher={Elsevier}
}

@article{moghaddam2014review,
  title={A review on similarity measurement methods in trust-based recommender systems},
  author={Moghaddam, Morteza Ghorbani and Mustapha, Norwati and Elahian, Anousheh},
  journal={International Journal of Information Science and Management (IJISM)},
  pages={13--22},
  year={2014},
  publisher={Citeseer}
}

@inproceedings{moghaddam2014agetrust,
  title={AgeTrust: A new temporal trust-based collaborative filtering approach},
  author={Moghaddam, Morteza Ghorbani and Mustapha, Norwati and Mustapha, Aida and Sharef, Nurfadhlina Mohd and Elahian, Anousheh},
  booktitle={2014 International Conference on Information Science \& Applications (ICISA)},
  pages={1--4},
  year={2014},
  organization={IEEE}
}

@inproceedings{jin2012trust,
  title={A trust-based Top-K recommender system using social tagging network},
  author={Jin, Jian and Chen, Qun},
  booktitle={2012 9th International Conference on Fuzzy Systems and Knowledge Discovery},
  pages={1270--1274},
  year={2012},
  organization={IEEE}
}

@article{falk2020,
  title={Рекомендательные системы на практике},
  author={Фальк, Ким},
  journal={Пер. с англ. ДМ Павлов М.: ДМК Пресс},
  year={2020}
}

@book{francua2018,
  title={Глубокое обучение на Python},
  author={Франсуа, Шолле},
  year={2018},
  publisher={" Издательский дом"" Питер"""}
}

@article{samodin2020,
  title={Обзор подходов к построению рекомендательных систем на основе глубокого обучения},
  author={Самодин, Владислав Андреевич},
  journal={Научное сообщество студентов. Междисциплинарные исследования},
  pages={27},
  year={2020}
}

@book{rashka2022,
  title={Python и машинное обучение},
  author={Рашка, Себастьян},
  year={2022},
  publisher={Litres}
}
@article{galimov2017,
  title={Основы алгоритмов машинного обучения-обучение с учителем},
  author={Галимов, РГ},
  journal={Аллея науки},
  volume={1},
  number={14},
  pages={810--817},
  year={2017},
  publisher={ИП Шелистов Денис Александрович (Издательский центр" Quantum")}
}